<?xml version="1.0" encoding="UTF-8"?><collection xmlns="http://www.loc.gov/MARC21/slim"><record><leader>00294nam--2200121-i-4500</leader><controlfield tag="001">000003948</controlfield><controlfield tag="002">20161230</controlfield><controlfield tag="005">20161230201025</controlfield><controlfield tag="008">060222s1000------------r-----000-0-eng-d</controlfield><datafield ind1=" " ind2=" " tag="245"><subfield code="a">A.e.c.l. annual report. -nru reactor. 1956-1957</subfield></datafield><datafield ind1=" " ind2=" " tag="260"><subfield code="a">Ottawa, Aecl, 1957 28p</subfield></datafield><datafield ind1=" " ind2=" " tag="490"><subfield code="a">566</subfield></datafield><datafield ind1=" " ind2=" " tag="852"><subfield code="a">12457</subfield></datafield></record></collection>